<?xml version="1.0" encoding="UTF-8"?><record xmlns="http://www.loc.gov/MARC21/slim" xmlns:cinclude="http://apache.org/cocoon/include/1.0" xmlns:zs="http://www.loc.gov/zing/srw/">
  <leader>00711cz  a2200181n  4500</leader>
  <controlfield tag="001">nr2004006230</controlfield>
  <controlfield tag="003">DLC</controlfield>
  <controlfield tag="005">20081107081731.0</controlfield>
  <controlfield tag="008">040301n| acannaabn          |b aaa     c</controlfield>
  <datafield tag="010" ind1=" " ind2=" ">
    <subfield code="a">nr2004006230</subfield>
  </datafield>
  <datafield tag="035" ind1=" " ind2=" ">
    <subfield code="a">(OCoLC)oca06287740</subfield>
  </datafield>
  <datafield tag="040" ind1=" " ind2=" ">
    <subfield code="a">NN-PD</subfield>
    <subfield code="b">eng</subfield>
    <subfield code="c">NN-PD</subfield>
    <subfield code="d">OCoLC</subfield>
  </datafield>
  <datafield tag="100" ind1="1" ind2=" ">
    <subfield code="a">Orimoto, Tatsumi,</subfield>
    <subfield code="d">1946-</subfield>
  </datafield>
  <datafield tag="400" ind1="1" ind2=" ">
    <subfield code="a">折元立身,</subfield>
    <subfield code="d">1946-</subfield>
  </datafield>
  <datafield tag="667" ind1=" " ind2=" ">
    <subfield code="a">Machine-derived non-Latin script reference project.</subfield>
  </datafield>
  <datafield tag="667" ind1=" " ind2=" ">
    <subfield code="a">Non-Latin script reference not evaluated.</subfield>
  </datafield>
  <datafield tag="670" ind1=" " ind2=" ">
    <subfield code="a">Ballettanz, Jan. 2004:</subfield>
    <subfield code="b">p. 14 (Tatsumi Orimoto; Fluxus artist, performance artist)</subfield>
  </datafield>
  <datafield tag="670" ind1=" " ind2=" ">
    <subfield code="a">Internet, URL: http://www.aktionsgalerie.de, Mar. 1, 2004</subfield>
    <subfield code="b">(Tatsumi Orimoto; b. 1946 in Kawasaki City, Japan; artist, performance artist)</subfield>
  </datafield>
</record>